@inproceedings{Padhi2016DatadrivenPI,
  title={{Data-Driven Precondition Inference with Learned Features}},
  author={Saswat Padhi and Rahul Sharma and Todd D. Millstein},
  booktitle={PLDI},
  year={2016}
}

@inproceedings{Albarghouthi2013RecursivePS,
  title={{Recursive Program Synthesis}},
  author={Aws Albarghouthi and Sumit Gulwani and Zachary Kincaid},
  booktitle={CAV},
  year={2013}
}

@inproceedings{Garg2016LearningIU,
  title={{Learning Invariants using Decision Trees and Implication Counterexamples}},
  author={Pranav Garg and Daniel Neider and P. Madhusudan and Dan Roth},
  booktitle={POPL},
  year={2016}
}

@inproceedings{Moura2008Z3AE,
  title={{Z3: An Efficient SMT Solver}},
  author={Leonardo Mendon√ßa de Moura and Nikolaj Bj{\o}rner},
  booktitle={TACAS},
  year={2008}
}

@inproceedings{Alur2016SyGuSComp2R,
  title={{SyGuS-Comp 2016: Results and Analysis}},
  author={Rajeev Alur and Dana Fisman and Rishabh Singh and Armando Solar-Lezama},
  booktitle={SYNT\,@\,CAV},
  year={2016}
}}

@inproceedings{Barrett2011CVC4,
  title={{CVC4}},
  author={Barrett, Clark and Conway, Christopher and Deters, Morgan and Hadarean, Liana and Jovanovi{\'c}, Dejan and King, Tim and Reynolds, Andrew and Tinelli, Cesare},
  booktitle={CAV},
  year={2011}
}

@inproceedings{Kearns1994AnIT,
  title={{An Introduction to Computational Learning Theory}},
  author={Michael Kearns and Umesh V. Vazirani},
  year={1994}
}

@inproceedings{Dillig2013InductiveIG,
  title={Inductive invariant generation via abductive inference},
  author={Isil Dillig and Thomas Dillig and Boyang Li and Kenneth L. McMillan},
  booktitle={OOPSLA},
  year={2013}
}